<?xml version="1.0" encoding="UTF-8"?><record xmlns="http://www.loc.gov/MARC21/slim" xmlns:cinclude="http://apache.org/cocoon/include/1.0" xmlns:zs="http://www.loc.gov/zing/srw/">
  <leader>00627cz  a2200169n  4500</leader>
  <controlfield tag="001">no2011065066</controlfield>
  <controlfield tag="003">DLC</controlfield>
  <controlfield tag="005">20160513154313.0</controlfield>
  <controlfield tag="008">110425n| azannaabn          |n aaa     c</controlfield>
  <datafield tag="010" ind1=" " ind2=" ">
    <subfield code="a">no2011065066</subfield>
    <subfield code="z">n 2007070285</subfield>
  </datafield>
  <datafield tag="035" ind1=" " ind2=" ">
    <subfield code="a">(OCoLC)oca08838393</subfield>
  </datafield>
  <datafield tag="040" ind1=" " ind2=" ">
    <subfield code="a">OBgU-MA</subfield>
    <subfield code="b">eng</subfield>
    <subfield code="e">rda</subfield>
    <subfield code="c">OBgU-MA</subfield>
    <subfield code="d">DLC</subfield>
    <subfield code="d">DLC</subfield>
  </datafield>
  <datafield tag="100" ind1="1" ind2=" ">
    <subfield code="a">Jordan, Don</subfield>
    <subfield code="c">(Vocalist)</subfield>
  </datafield>
  <datafield tag="667" ind1=" " ind2=" ">
    <subfield code="a">Formerly on undifferentiated name record: n 2007070285</subfield>
  </datafield>
  <datafield tag="670" ind1=" " ind2=" ">
    <subfield code="a">Rockin' on Broadway [SR] p2000:</subfield>
    <subfield code="b">insert (Don Jordan, vocals)</subfield>
  </datafield>
  <datafield tag="670" ind1=" " ind2=" ">
    <subfield code="a">Set me free [SR] 2006:</subfield>
    <subfield code="b">insert (Don Jordan (Hypnotized))</subfield>
  </datafield>
  <datafield tag="675" ind1=" " ind2=" ">
    <subfield code="a">All music guide WWW site;</subfield>
    <subfield code="a">Discogs.com WWW site;</subfield>
    <subfield code="a">Encyc. of pop. mus.</subfield>
  </datafield>
</record>